@article{atack1,
    title = {Моделирование атаки внесением ошибок на шифр ГОСТ 34.12-2015 с длиной блока 128 бит},
    author = {В.А.Суворова},
    year = {2016},
    journal = {Интеллектуальные системы. Теория и приложения},
    volume = {20},
    number = {4},
    pages = {82-87},



}

@article{atack2,
    title = {Атака со связанными ключами на 5 раундов шифра Кузнечик},
    author = {В.А.Кирюхин},
    year = {2020},
    journal = {Математические вопросы криптографии},
    volume = {11},
    number = {2},
    pages = {53-67},
}

@article{atack3,
    title = {MultisetAlgebraic Cryptanalysis of Reduced Kuznyechik, Khazad and secret SPNs},
    author = {A. Biryukov and D. Khovratovich and L. Perrin  },
    journal = {IACR Transactions on Symmetric Cryptology},
    volume = {2016},
    number = {2},
    pages = {226-247},

}

@article{atack4,
    title = {A Meet in the Middle Attack on Reduced Round Kuznyechik},
    author = {R. AlTawy, A. M. Youssef },
    journal = {Concordia Institute for Information Systems Engineering
Concordia University, Montr´eal, Qu´ebec, Canada},

}

@article{appspeed,
    title = {О глубине аппаратной реализации блочного шифра Кузнечик},
    author = {Е.А.Курганов},
    year = {2016},
    journal = {Интеллектуальные системы. Теория и приложения},
    volume = {20},
    number = {1},
    pages = {61-78},

}


@article{speed,
    title = {О программной реализации алгоритма Кузнечик на процессорах Intel},
    author = {А.С.Рыбкин},
    year = {2018},
    journal = {Математические вопросы криптографии},
    volume = {9},
    number = {2},
    pages = {117--127},

}

@book{gost2015,
    title = {ГОСТ Р 34.12–2015.  Информационная технология (ИТ). Криптографическая защита информации. Блочные шифры.} ,
    publisher = {М.: Стандартинформ},
    year = 2015,
}

@book{gost2018,
    title = {ГОСТ 34.12–2018.  Информационная технология (ИТ). Криптографическая защита информации. Блочные шифры.} ,
    publisher = {М.: Стандартинформ},
    year = 2018,
}
